@article{nasbench101,
    author = {Chris Ying and
        Aaron Klein and
        Esteban Real and
        Eric Christiansen and
        Kevin Murphy and
        Frank Hutter},
    title = {NAS-Bench-101: Towards Reproducible Neural Architecture Search},
    journal = {CoRR},
    volume = {abs/1902.09635},
    year = {2019},
    url = {http://arxiv.org/abs/1902.09635},
    eprinttype = {arXiv},
    eprint = {1902.09635},
    timestamp = {Tue, 21 May 2019 18:03:38 +0200},
    biburl = {https://dblp.org/rec/journals/corr/abs-1902-09635.bib},
    bibsource = {dblp computer science bibliography, https://dblp.org}
}

@article{cifar10,
    author = {Krizhevsky, Alex},
    year = {2012},
    month = {05},
    pages = {},
    title = {Learning Multiple Layers of Features from Tiny Images},
    journal = {University of Toronto}
}

@article{ioh,
    author = {Hao Wang and Diederick Vermettern and Furong Ye and Carola Doerr and Thomas B{\"a}ck},
    title = {{IOHanalyzer: Performance Analysis for Iterative Optimization Heuristic}},
    journal = {arXiv e-prints:2007.03953},
    archivePrefix = "arXiv",
    eprint = {2007.03953},
    year = {2020},
    month = {july},
    keywords = {Computer Science - Neural and Evolutionary Computing},
    url = {https://arxiv.org/abs/2007.03953}
}

@book{roulettewheel,
    title = {Evolutionary Algorithms in Theory and Practice: Evolution Strategies, Evolutionary Programming, Genetic Algorithms},
    author = {B{\"a}ck, T.},
    isbn = {9780195099713},
    lccn = {95013506},
    url = {https://books.google.nl/books?id=9MLnCwAAQBAJ},
    year = {1996},
    publisher = {Oxford University Press}
}

@article{tournament,
    title = {Genetic Algorithms, Tournament Selection, and the Effects of Noise},
    author = {Brad L. Miller and David E. Goldberg},
    journal = {Complex Syst.},
    year = {1995},
    volume = {9}
}

@article{rank,
    title = {Rank-based selection},
    author = {Grefenstette, John},
    journal = {Evolutionary computation},
    volume = {1},
    pages = {187-194},
    year = {2000}
}

@inproceedings{sus,
    author = {Baker, James E.},
    title = {Reducing Bias and Inefficiency in the Selection Algorithm},
    year = {1987},
    isbn = {0805801588},
    publisher = {L. Erlbaum Associates Inc.},
    address = {USA},
    booktitle = {Proceedings of the Second International Conference on Genetic Algorithms on Genetic Algorithms and Their Application},
    pages = {14-21},
    numpages = {8},
    location = {Cambridge, Massachusetts, USA}
}

@article{tau,
    author = {Beyer, Hans-Georg and Schwefel, Hans-Paul},
    year = {2002},
    month = {03},
    pages = {3-52},
    title = {Evolution strategies - A comprehensive introduction},
    volume = {1},
    journal = {Natural Computing},
    doi = {10.1023/A:1015059928466}
}
